<collection xmlns="http://www.loc.gov/MARC21/slim">
<record>
  <leader>02050nam0a2200337 i 450 </leader>
  <controlfield tag="001">IT\ICCU\CNCE\074042</controlfield>
  <controlfield tag="005">20151019000000.0</controlfield>
  <datafield tag="012" ind1=" " ind2=" ">
    <subfield code="a">r:e- n-m- n-u- pect (3) 1583 (A)</subfield>
    <subfield code="2">fei</subfield>
  </datafield>
  <datafield tag="100" ind1=" " ind2=" ">
    <subfield code="a">20090605d1583        0itac0103    ba</subfield>
  </datafield>
  <datafield tag="101" ind1=" " ind2=" ">
    <subfield code="a">LAT</subfield>
  </datafield>
  <datafield tag="102" ind1=" " ind2=" ">
    <subfield code="a">IT</subfield>
  </datafield>
  <datafield tag="200" ind1="1" ind2=" ">
    <subfield code="a">De auro dialogi tres. In quibus non solum de auri in re medica facultate,verum etiam de specifica eius, &amp; caeterarum rerum forma, ac duplici potestate, qua mixtis in omnibus illa operatur, copiose disputatur. Abrahamo e Porta Leonis ... auctore ...</subfield>
  </datafield>
  <datafield tag="210" ind1=" " ind2=" ">
    <subfield code="a">Venetiis</subfield>
    <subfield code="c">apud Io. Baptistam a Porta</subfield>
    <subfield code="d">1583</subfield>
  </datafield>
  <datafield tag="215" ind1=" " ind2=" ">
    <subfield code="a">\8!, 178, \26! p.</subfield>
    <subfield code="c">ill.</subfield>
    <subfield code="d">4ʻ</subfield>
  </datafield>
  <datafield tag="620" ind1=" " ind2=" ">
    <subfield code="a">IT</subfield>
    <subfield code="d">Venezia</subfield>
  </datafield>
  <datafield tag="700" ind1=" " ind2="1">
    <subfield code="a">Portaleone,</subfield>
    <subfield code="b">Abraham ben David</subfield>
    <subfield code="3">IT\ICCU\CNCA\010046</subfield>
  </datafield>
  <datafield tag="712" ind1="0" ind2="0">
    <subfield code="a">Porta, Giovanni Battista</subfield>
    <subfield code="3">IT\ICCU\CNCT\000283</subfield>
    <subfield code="4">650</subfield>
  </datafield>
  <datafield tag="790" ind1=" " ind2="0">
    <subfield code="a">Abrahamus</subfield>
    <subfield code="c"> : a#Porta Leonis</subfield>
    <subfield code="3">IT\ICCU\CNCA\010047</subfield>
    <subfield code="z">Portaleone, Abraham ben David</subfield>
  </datafield>
  <datafield tag="790" ind1=" " ind2="0">
    <subfield code="a">Abraham</subfield>
    <subfield code="c"> : Portaleone</subfield>
    <subfield code="3">IT\ICCU\CNCA\010048</subfield>
    <subfield code="z">Portaleone, Abraham ben David</subfield>
  </datafield>
  <datafield tag="790" ind1=" " ind2="1">
    <subfield code="a">Porta Leonis,</subfield>
    <subfield code="b">Abramo</subfield>
    <subfield code="3">IT\ICCU\CNCA\023064</subfield>
    <subfield code="z">Portaleone, Abraham ben David</subfield>
  </datafield>
  <datafield tag="790" ind1=" " ind2="1">
    <subfield code="a">Porta,</subfield>
    <subfield code="b">Leone</subfield>
    <subfield code="3">IT\ICCU\CNCA\023068</subfield>
    <subfield code="z">Portaleone, Abraham ben David</subfield>
  </datafield>
  <datafield tag="791" ind1="0" ind2="0">
    <subfield code="a">Ostio, Iohannes Baptista ab</subfield>
    <subfield code="3">IT\ICCU\CNCT\002284</subfield>
    <subfield code="z">Porta, Giovanni Battista</subfield>
  </datafield>
  <datafield tag="791" ind1="0" ind2="0">
    <subfield code="a">Hostio, Ioahnnes Baptista ab</subfield>
    <subfield code="3">IT\ICCU\CNCT\002533</subfield>
    <subfield code="z">Porta, Giovanni Battista</subfield>
  </datafield>
  <datafield tag="791" ind1="0" ind2="0">
    <subfield code="a">Uscio, Giovanni Battista</subfield>
    <subfield code="3">IT\ICCU\CNCT\004058</subfield>
    <subfield code="z">Porta, Giovanni Battista</subfield>
  </datafield>
  <datafield tag="791" ind1="0" ind2="0">
    <subfield code="a">Ussio, Giovanni Battista</subfield>
    <subfield code="3">IT\ICCU\CNCT\005477</subfield>
    <subfield code="z">Porta, Giovanni Battista</subfield>
  </datafield>
  <datafield tag="791" ind1="0" ind2="0">
    <subfield code="a">Ussius, Ioannes Baptista</subfield>
    <subfield code="3">IT\ICCU\CNCT\005478</subfield>
    <subfield code="z">Porta, Giovanni Battista</subfield>
  </datafield>
  <datafield tag="801" ind1=" " ind2="3">
    <subfield code="a">IT</subfield>
    <subfield code="b">ICCU</subfield>
    <subfield code="c">20201115</subfield>
  </datafield>
  <datafield tag="899" ind1=" " ind2=" ">
    <subfield code="a">Biblioteca Estense Universitaria. Modena</subfield>
    <subfield code="1">MO0089</subfield>
    <subfield code="2">MOD BE</subfield>
  </datafield>
  <datafield tag="899" ind1=" " ind2=" ">
    <subfield code="a">Biblioteca universitaria. Pavia</subfield>
    <subfield code="1">PV0291</subfield>
    <subfield code="2">MIL UP</subfield>
  </datafield>
  <datafield tag="911" ind1=" " ind2=" ">
    <subfield code="a">Sul front.</subfield>
    <subfield code="9">IT\ICCU\CNCM\000022</subfield>
  </datafield>
  <datafield tag="921" ind1=" " ind2=" ">
    <subfield code="a">IT\ICCU\CNCM\000022</subfield>
    <subfield code="b">Porta con timpano triangolare e colonne ioniche, al centro S. Pietro con le chiavi. In cornice figurata</subfield>
    <subfield code="e">Iusti intrabunt per eam</subfield>
    <subfield code="c">V434</subfield>
    <subfield code="c">Z975</subfield>
    <subfield code="d">Dimensioni: 6,4 x 6,8</subfield>
    <subfield code="f">COLONNE</subfield>
    <subfield code="f">IUSTIENTRA</subfield>
    <subfield code="f">PORTA</subfield>
    <subfield code="f">S PIETRO</subfield>
    <subfield code="f">TIMPANO</subfield>
    <subfield code="g">1581-1592</subfield>
  </datafield>
</record>
</collection>
